/home/fouche/Dropbox/allofthem.bib